<?xml version="1.0" encoding="UTF-8"?><record xmlns="http://www.loc.gov/MARC21/slim" xmlns:cinclude="http://apache.org/cocoon/include/1.0" xmlns:zs="http://www.loc.gov/zing/srw/">
  <leader>00378nz  a2200133n  4500</leader>
  <controlfield tag="001">no2010058774</controlfield>
  <controlfield tag="003">DLC</controlfield>
  <controlfield tag="005">20100410075416.0</controlfield>
  <controlfield tag="008">100408n| acannaabn          |n aaa     c</controlfield>
  <datafield tag="010" ind1=" " ind2=" ">
    <subfield code="a">no2010058774</subfield>
  </datafield>
  <datafield tag="035" ind1=" " ind2=" ">
    <subfield code="a">(OCoLC)oca08454700</subfield>
  </datafield>
  <datafield tag="040" ind1=" " ind2=" ">
    <subfield code="a">IWhI</subfield>
    <subfield code="b">eng</subfield>
    <subfield code="c">IWhI</subfield>
  </datafield>
  <datafield tag="100" ind1="1" ind2=" ">
    <subfield code="a">Madrid, Encarnacioﾌ］ M.</subfield>
  </datafield>
  <datafield tag="670" ind1=" " ind2=" ">
    <subfield code="a">Didaﾌ…tica de la educacioﾌ］ sexual, 2005:</subfield>
    <subfield code="b">t.p. (Encarnacioﾌ］ M. Madrid)</subfield>
  </datafield>
</record>